<record xmlns="http://www.loc.gov/MARC21/slim" xmlns:xsi="http://www.w3.org/2001/XMLSchema-instance" xsi:schemaLocation="http://www.loc.gov/MARC21/slim http://www.loc.gov/standards/marcxml/schema/MARC21slim.xsd"><leader>00523nz   2200169n  4500</leader><controlfield tag="001">oca03325478 </controlfield><controlfield tag="005">19930227071127.7</controlfield><controlfield tag="008">930223n| acannaab|          |a aaa     c</controlfield><datafield ind1=" " ind2=" " tag="010"><subfield code="a">nr 93006584 </subfield></datafield><datafield ind1=" " ind2=" " tag="035"><subfield code="a">(Uk)sb050250</subfield></datafield><datafield ind1=" " ind2=" " tag="040"><subfield code="a">Uk/ESTC-NA</subfield><subfield code="c">ESTC-NA</subfield></datafield><datafield ind1="1" ind2=" " tag="100"><subfield code="a">Lampridius, Aelius</subfield></datafield><datafield ind1="1" ind2=" " tag="400"><subfield code="a">Lampridius, A.</subfield><subfield code="q">(Aelius)</subfield></datafield><datafield ind1=" " ind2=" " tag="667"><subfield code="a">Data provided by the ESTC/BL</subfield></datafield><datafield ind1=" " ind2=" " tag="670"><subfield code="a">Elyot, T. The image of gouernaunce, 1549</subfield><subfield code="b">(name not given)</subfield></datafield><datafield ind1=" " ind2=" " tag="670"><subfield code="a">ESTC/BL files</subfield><subfield code="b">(Aelius Lampridius)</subfield></datafield><datafield ind1=" " ind2=" " tag="670"><subfield code="a">NUC pre-56</subfield><subfield code="b">(Lampridius, Aelius)</subfield></datafield></record>